<collection xmlns="http://www.loc.gov/MARC21/slim">
<record>
  <leader>02051nam0a22003851i 450 </leader>
  <controlfield tag="001">IT\ICCU\CNCE\074981</controlfield>
  <controlfield tag="005">20160209000000.0</controlfield>
  <datafield tag="012" ind1=" " ind2=" ">
    <subfield code="a">X.s) t.e. e.o- Hamo (C) 1559 (Q)</subfield>
    <subfield code="2">fei</subfield>
  </datafield>
  <datafield tag="100" ind1=" " ind2=" ">
    <subfield code="a">20100115f1559        0itac0103    ba</subfield>
  </datafield>
  <datafield tag="101" ind1=" " ind2=" ">
    <subfield code="a">LAT</subfield>
  </datafield>
  <datafield tag="102" ind1=" " ind2=" ">
    <subfield code="a">IT</subfield>
  </datafield>
  <datafield tag="200" ind1="1" ind2=" ">
    <subfield code="a">Flores Latinitatis excerpti ex Terentio et Cicerone. Per Iacobum Antonium Petronium Pyrrhaneum</subfield>
  </datafield>
  <datafield tag="210" ind1=" " ind2=" ">
    <subfield code="a">\Milano</subfield>
    <subfield code="c">Matteo Besozzi!</subfield>
    <subfield code="d">\1559!</subfield>
    <subfield code="e">Mediolani</subfield>
    <subfield code="g">apud Valerium ac Hieronymum fratres de Meda</subfield>
    <subfield code="g">impensis Matthaei Besutij bibliopolae</subfield>
  </datafield>
  <datafield tag="215" ind1=" " ind2=" ">
    <subfield code="a">\36! c.</subfield>
    <subfield code="d">8ʻ</subfield>
  </datafield>
  <datafield tag="300" ind1=" " ind2=" ">
    <subfield code="a">La data si ricava dalla dedica</subfield>
  </datafield>
  <datafield tag="620" ind1=" " ind2=" ">
    <subfield code="a">IT</subfield>
    <subfield code="d">Milano</subfield>
  </datafield>
  <datafield tag="700" ind1=" " ind2="1">
    <subfield code="a">Petronio,</subfield>
    <subfield code="b">Giacomo Antonio</subfield>
    <subfield code="3">IT\ICCU\CNCA\027633</subfield>
  </datafield>
  <datafield tag="702" ind1=" " ind2="1">
    <subfield code="a">Cicero,</subfield>
    <subfield code="b">Marcus Tullius</subfield>
    <subfield code="3">IT\ICCU\CNCA\002170</subfield>
  </datafield>
  <datafield tag="702" ind1=" " ind2="1">
    <subfield code="a">Terentius Afer,</subfield>
    <subfield code="b">Publius</subfield>
    <subfield code="3">IT\ICCU\CNCA\003195</subfield>
  </datafield>
  <datafield tag="712" ind1="0" ind2="0">
    <subfield code="a">Meda, Valerio &amp; Meda, Girolamo</subfield>
    <subfield code="3">IT\ICCU\CNCT\000036</subfield>
    <subfield code="4">650</subfield>
  </datafield>
  <datafield tag="712" ind1="0" ind2="0">
    <subfield code="a">Besozzi, Matteo</subfield>
    <subfield code="3">IT\ICCU\CNCT\000238</subfield>
    <subfield code="4">650</subfield>
  </datafield>
  <datafield tag="790" ind1=" " ind2="1">
    <subfield code="a">Tullius Cicero,</subfield>
    <subfield code="b">Marcus</subfield>
    <subfield code="3">IT\ICCU\CNCA\020042</subfield>
    <subfield code="z">Cicero, Marcus Tullius</subfield>
  </datafield>
  <datafield tag="790" ind1=" " ind2="0">
    <subfield code="a">Terenzio</subfield>
    <subfield code="3">IT\ICCU\CNCA\014983</subfield>
    <subfield code="z">Terentius Afer, Publius</subfield>
  </datafield>
  <datafield tag="791" ind1="0" ind2="0">
    <subfield code="a">Meda, Girolamo</subfield>
    <subfield code="3">IT\ICCU\CNCT\000037</subfield>
    <subfield code="z">Meda, Valerio &amp; Meda, Girolamo</subfield>
  </datafield>
  <datafield tag="791" ind1="0" ind2="0">
    <subfield code="a">Besucius,  Matthaeus</subfield>
    <subfield code="3">IT\ICCU\CNCT\003036</subfield>
    <subfield code="z">Besozzi, Matteo</subfield>
  </datafield>
  <datafield tag="791" ind1="0" ind2="0">
    <subfield code="a">Besutius, Matthaeus</subfield>
    <subfield code="3">IT\ICCU\CNCT\003037</subfield>
    <subfield code="z">Besozzi, Matteo</subfield>
  </datafield>
  <datafield tag="791" ind1="0" ind2="2">
    <subfield code="a">℗al segno della ℗Stella</subfield>
    <subfield code="c"> &lt;Milano&gt;</subfield>
    <subfield code="3">IT\ICCU\CNCT\003597</subfield>
    <subfield code="z">Besozzi, Matteo</subfield>
  </datafield>
  <datafield tag="791" ind1="0" ind2="0">
    <subfield code="a">Besutio, Matheus de</subfield>
    <subfield code="3">IT\ICCU\CNCT\004364</subfield>
    <subfield code="z">Besozzi, Matteo</subfield>
  </datafield>
  <datafield tag="791" ind1="0" ind2="0">
    <subfield code="a">Besozio, Matheo de</subfield>
    <subfield code="3">IT\ICCU\CNCT\004365</subfield>
    <subfield code="z">Besozzi, Matteo</subfield>
  </datafield>
  <datafield tag="791" ind1="0" ind2="0">
    <subfield code="a">Besozzo, Mattheo da</subfield>
    <subfield code="3">IT\ICCU\CNCT\004366</subfield>
    <subfield code="z">Besozzi, Matteo</subfield>
  </datafield>
  <datafield tag="801" ind1=" " ind2="3">
    <subfield code="a">IT</subfield>
    <subfield code="b">ICCU</subfield>
    <subfield code="c">20201115</subfield>
  </datafield>
  <datafield tag="899" ind1=" " ind2=" ">
    <subfield code="a">Biblioteca Apostolica Vaticana. Citt ̉del Vaticano</subfield>
    <subfield code="1">EX0001</subfield>
    <subfield code="2">ZCV 01</subfield>
  </datafield>
  <datafield tag="899" ind1=" " ind2=" ">
    <subfield code="a">Biblioteca comunale Passerini Landi. Piacenza</subfield>
    <subfield code="1">PC0030</subfield>
    <subfield code="2">PIA PL</subfield>
  </datafield>
  <datafield tag="911" ind1=" " ind2=" ">
    <subfield code="a">Sul front.</subfield>
    <subfield code="9">IT\ICCU\CNCM\000831</subfield>
  </datafield>
  <datafield tag="921" ind1=" " ind2=" ">
    <subfield code="a">IT\ICCU\CNCM\000831</subfield>
    <subfield code="b">Due putti tengono sollevata una stella a otto punte, che ha ai lati le iniziali M.B.</subfield>
    <subfield code="e">Sub signo stellae hoc reperitur</subfield>
    <subfield code="c">V103</subfield>
    <subfield code="c">Z1131</subfield>
    <subfield code="f">PUTTI</subfield>
    <subfield code="f">STELLA</subfield>
    <subfield code="f">MB</subfield>
    <subfield code="g">1543-1587</subfield>
  </datafield>
</record>
</collection>
